% Encoding: UTF-8
@online{rfc1058,
    title = {Routing Information Protocol},
    author = {C.L. Hedrick},
    year = 1988,
    url = {https://tools.ietf.org/html/rfc1058},
    urldate = {2016-06-11}
}

@Book{AndrewS.Tanenbaum2010,
  author    = {Andrew S. Tanenbaum, David J. Wetherall},
  title     = {Computer Networks},
  year      = {2011},
  publisher = {Prentice Hall},
  address = {Boston}
}

@Comment{jabref-meta: databaseType:biblatex;}
